@book{quantumcomputerscience,
    title={Quantum Computing for Computer Scientists},
    author={Noson S. Yanofsky and Mirco A. Mannucci},
    isbn={978-0521879965},
    year={2008},
    publisher={Cambridge University Press},
    keywords = {physics}
}
@Article{gottesmanknill,
  author      = {Daniel Gottesman},
  title       = {The Heisenberg Representation of Quantum Computers},
  year        = {1998},
  pages       = {19},
  eprinttype  = {arxiv},
  eprint      = {quant-ph/9807006}
}
@online{controlslikevalues,
  author = {Craig Gidney},
  title = {Treating Control like Values},
  year = 2015,
  url = {http://algorithmicassertions.com/impractical-experiments/2015/05/17/Treating-Controls-like-Values.html},
  urldate = {2016-10-09}
}